<?xml version="1.0" encoding="UTF-8"?><record xmlns="http://www.loc.gov/MARC21/slim" xmlns:cinclude="http://apache.org/cocoon/include/1.0" xmlns:zs="http://www.loc.gov/zing/srw/">
  <leader>00562nz  a2200145n  4500</leader>
  <controlfield tag="001">no2011080425</controlfield>
  <controlfield tag="003">DLC</controlfield>
  <controlfield tag="005">20110525075348.0</controlfield>
  <controlfield tag="008">110523n| acannaabn          |a aaa     c</controlfield>
  <datafield tag="010" ind1=" " ind2=" ">
    <subfield code="a">no2011080425</subfield>
  </datafield>
  <datafield tag="035" ind1=" " ind2=" ">
    <subfield code="a">(OCoLC)oca08864726</subfield>
  </datafield>
  <datafield tag="040" ind1=" " ind2=" ">
    <subfield code="a">MX-SlUA</subfield>
    <subfield code="b">eng</subfield>
    <subfield code="c">MX-SlUA</subfield>
  </datafield>
  <datafield tag="100" ind1="1" ind2=" ">
    <subfield code="a">Ruiz Carrillo, Marcelino</subfield>
  </datafield>
  <datafield tag="400" ind1="1" ind2=" ">
    <subfield code="a">Carrillo, Marcelino Ruiz</subfield>
  </datafield>
  <datafield tag="670" ind1=" " ind2=" ">
    <subfield code="a">Proyecto para la construcción de viviendas de interés social en el municipio de Matehuala, S.L.P. , 1995:</subfield>
    <subfield code="b">t.p. (Marcelino Ruiz Carrillo; Universidad Autónoma de San Luis Potosí; Licenciado en Economía)</subfield>
  </datafield>
</record>